<?xml version="1.0" encoding="UTF-8"?><collection xmlns="http://www.loc.gov/MARC21/slim"><record><leader>00649nam--2200193-i-4500</leader><controlfield tag="001">000020611</controlfield><controlfield tag="002">20161230</controlfield><controlfield tag="005">20170103171113</controlfield><controlfield tag="008">060222s1000------------r-----000-0-eng-d</controlfield><datafield ind1=" " ind2=" " tag="020"><subfield code="a">9810221843</subfield></datafield><datafield ind1=" " ind2=" " tag="040"><subfield code="a">IFIN-HH</subfield></datafield><datafield ind1=" " ind2=" " tag="080"><subfield code="a">539.12.01(061.3)</subfield></datafield><datafield ind1="1" ind2=" " tag="100"><subfield code="a">Nath, Pran</subfield></datafield><datafield ind1="1" ind2="0" tag="245"><subfield code="a">Physics from planck scale to electroweak scale</subfield><subfield code="b">Proceedings of the us-polish workshop Warsaw, Poland, 21-24 September 1994</subfield><subfield code="c">Pran Nath, Tomasz Taylor, Stefan Pokorski (rds.)</subfield></datafield><datafield ind1=" " ind2=" " tag="260"><subfield code="a">Singapore</subfield><subfield code="b">World Scientific Publishing Co.Pte. Ltd</subfield><subfield code="c">1995</subfield></datafield><datafield ind1=" " ind2=" " tag="300"><subfield code="a">495 p</subfield></datafield><datafield ind1="1" ind2=" " tag="700"><subfield code="a">Pokorski, Stefan</subfield><subfield code="e">Ed</subfield></datafield><datafield ind1=" " ind2=" " tag="852"><subfield code="a">80496</subfield><subfield code="c">539.12</subfield></datafield><datafield ind1=" " ind2=" " tag="CAT"><subfield code="a">SYS</subfield><subfield code="c">20170103</subfield><subfield code="h">171113</subfield></datafield></record></collection>